@article{S21W,
	title={Weighted sum-rate maximization for multi-IRS-assisted full-duplex systems with hardware impairments},
	author={Saeidi, Mohammad Amin and Emadi, Mohammad Javad and Masoumi, Hamed and Mili, Mohammad Robat and Ng, Derrick Wing Kwan and Krikidis, Ioannis},
	journal={IEEE Transactions on Cognitive Communications and Networking},
	volume={7},
	number={2},
	pages={466--481},
	year={2021},
	publisher={IEEE}
}

@article{Performance,
	title={Performance analysis of cell-free massive MIMO system with limited fronthaul capacity and hardware impairments},
	author={Masoumi, Hamed and Emadi, Mohammad Javad},
	journal={IEEE Transactions on Wireless Communications},
	volume={19},
	number={2},
	pages={1038--1053},
	year={2019},
	publisher={IEEE}
}